<?xml version="1.0" encoding="UTF-8"?><collection xmlns="http://www.loc.gov/MARC21/slim"><record><leader>00590nam--2200217-u-4500</leader><controlfield tag="001">000050473</controlfield><controlfield tag="002">20161230</controlfield><controlfield tag="003">81877</controlfield><controlfield tag="005">20161230201048</controlfield><controlfield tag="008">070403s1000------------r-----000-0-eng-d</controlfield><datafield ind1=" " ind2=" " tag="020"><subfield code="a">9812381481</subfield></datafield><datafield ind1=" " ind2=" " tag="040"><subfield code="a">IFIN-HH</subfield></datafield><datafield ind1=" " ind2=" " tag="080"><subfield code="a">(539.12:539.14).50.051</subfield></datafield><datafield ind1="1" ind2=" " tag="100"><subfield code="a">Veltman,Martinus J.G</subfield></datafield><datafield ind1="1" ind2="0" tag="245"><subfield code="a">Facts and Mysteries in Elementary Physics</subfield><subfield code="c">Martinus J.G. Veltman</subfield></datafield><datafield ind1=" " ind2=" " tag="260"><subfield code="a">New Jersey</subfield><subfield code="b">World Scientific</subfield><subfield code="c">2003</subfield></datafield><datafield ind1=" " ind2=" " tag="300"><subfield code="a">340 p</subfield></datafield><datafield ind1=" " ind2=" " tag="504"><subfield code="a">Include Index</subfield></datafield><datafield ind1=" " ind2="4" tag="650"><subfield code="a">Particles (Nuclear Physics)</subfield></datafield><datafield ind1=" " ind2=" " tag="852"><subfield code="a">81877</subfield><subfield code="c">539.12</subfield></datafield><datafield ind1=" " ind2=" " tag="CAT"><subfield code="a">Sys</subfield><subfield code="c">20110106</subfield><subfield code="h">155400</subfield></datafield></record></collection>